@article{Lutz1986,
    title = {{B . Parser , and JANUS Language Syntax JANUS : A TIME-REVERSIBLE LANGUAGE A . Lexical Analyzer}},
    year = {1986},
    author = {Lutz, Chris},
    pages = {1--4}
}

@article{TwofishPaper,
    title = {{}}},
    author = {},
    keywords = {},
    url = {https://www.schneier.com/academic/paperfiles/paper-twofish-paper.pdf}
}

@article{Dominika,
    title = {{Encryption and Reversible Computations}},
    author = {T{\'{a}}borsk{\'{y}}, Dominik and Larsen, Ken Friis and Thomsen, Michael Kirkedal},
    keywords = {encryption, information leakage, reversible computation, reversible programming, security, side-channel attacks}
}

@article{RLandauer1961,
    title = {{Irreversibility and Heat Generation in the Computing Process}},
    year = {1961},
    journal = {IBM Journal of Research and Development},
    author = {Landauer, Rolf},
    number = {July},
    pages = {191, 183},
    volume = {5}
}

@inproceedings{Yokoyama2008a,
    title = {{Principles of a reversible programming language}},
    year = {2008},
    booktitle = {Proceedings of the 2008 conference on Computing frontiers  - CF '08},
    author = {Yokoyama, Tetsuo and Axelsen, Holger Bock and Gl{\"{u}}ck, Robert}
}

@inproceedings{Yokoyama2008,
    title = {{Principles of a reversible programming language}},
    year = {2008},
    booktitle = {Proceedings of the 2008 conference on Computing frontiers  - CF '08},
    author = {Yokoyama, Tetsuo and Axelsen, Holger Bock and Gl{\"{u}}ck, Robert},
    pages = {43}
}

@article{Fink1997,
    title = {{Property-Based Testing ; A New Approach to Testing for Assurance}},
    year = {1997},
    journal = {Software Engineering Notes},
    author = {Fink, George and Bishop, Matt},
    number = {4},
    pages = {74--80},
    volume = {22},
    url = {http://citeseerx.ist.psu.edu/viewdoc/download?doi=10.1.1.93.5559&rep=rep1&type=pdf}
}

@article{Yokoyama2009,
    title = {{Reversible Computation and Reversible Programming Languages}},
    year = {2009},
    journal = {Electronic Notes in Theoretical Computer Science},
    author = {Yokoyama, Tetsuo},
    number = {6},
    pages = {71--81},
    volume = {253},
    publisher = {Elsevier B.V.},
    url = {http://dx.doi.org/10.1016/j.entcs.2010.02.007},
    doi = {10.1016/j.entcs.2010.02.007},
    issn = {15710661},
    keywords = {Reversible computing, Reversible programming languages}
}

@article{Ambrose2007,
    title = {{RIJID: Random code injection to mask power analysis based side channel attacks}},
    year = {2007},
    journal = {Proceedings - Design Automation Conference},
    author = {Ambrose, Jude Angelo and Ragel, Roshan G. and Parameswaran, Sri},
    pages = {489--492},
    isbn = {1595936270},
    doi = {10.1109/DAC.2007.375214},
    issn = {0738100X},
    keywords = {Cross correlation, Pattern matching, Power analysis, Random instruction injection, Side channel attack}
}

@article{Witteman2013a,
    title = {{Secure Application Programming in the Presence of Side Channel Attacks}},
    year = {2013},
    author = {Witteman, Marc},
    pages = {1--21}
}

@article{Veyrat-Charvillon2012,
    title = {{Shuffling against side-channel attacks: A comprehensive study with cautionary note}},
    year = {2012},
    journal = {Lecture Notes in Computer Science (including subseries Lecture Notes in Artificial Intelligence and Lecture Notes in Bioinformatics)},
    author = {Veyrat-Charvillon, Nicolas and Medwed, Marcel and Kerckhof, Stéphanie and Standaert, François Xavier},
    pages = {740--757},
    volume = {7658 LNCS},
    isbn = {9783642349607},
    doi = {10.1007/978-3-642-34961-4{\_}44},
    issn = {03029743}
}

@article{Bond2017,
    title = {{Vale: Verifying High-Performance Cryptographic Assembly Code}},
    year = {2017},
    journal = {Proceedings of the 26th USENIX Security Symposium},
    author = {Bond, Barry and Hawblitzel, Chris and Kapritsos, Manos and Leino, K. Rustan M. and Lorch, Jacob R. and Parno, Bryan and Rane, Ashay and Setty, Srinath and Thompson, Laure},
    pages = {917--934},
    url = {https://www.usenix.org/conference/usenixsecurity17/technical-sessions/presentation/bond},
    isbn = {9781931971409}
}

@article{Simon2018,
    title = {{What You Get is What You C: Controlling Side Effects in Mainstream C Compilers}},
    year = {2018},
    journal = {Proceedings - 3rd IEEE European Symposium on Security and Privacy, EURO S and P 2018},
    author = {Simon, Laurent and Chisnall, David and Anderson, Ross},
    pages = {1--15},
    isbn = {9781538642276},
    doi = {10.1109/EuroSP.2018.00009},
    keywords = {C, C abstract machine, Clang, LLVM, compiler optimizations, compilers, constant-time, cryptography, erasing, side channels, side effects, stack, zeroing}
}

@article{Almeida2017AEvaluation,
    title = {{A Fast and Verified Software Stack for Secure Function Evaluation To cite this version : HAL Id : hal-01649104 A Fast and Verified Software Stack for Secure Function Evaluation}},
    year = {2017},
    author = {Almeida, José and Barbosa, Manuel and Barthe, Gilles and Dupressoir, Francois and Laporte, Vincent and Pereira, Vitor and Almeida, José and Barbosa, Manuel and Barthe, Gilles and Dupressoir, Francois and Gr{\'{e}}goire, Benjamin and Fast, A and Almeida, José Bacelar and Barbosa, Manuel and Barthe, Gilles and Sophia-antipolis, Inria and Laporte, Vincent}
}

@misc{Github.2019.,
    title = {{Github. theft: property-based testing for C. Accessed May 2019.}},
    url = {https://github.com/silentbicycle/theft}
}

@article{Sestoft1994GrammarsML,
    title = {{Grammars and parsing with Standard ML}},
    year = {1994},
    author = {Sestoft, Peter},
    number = {July},
    pages = {1--43},
    url = {http://www.it-c.dk/courses/FDP/E2002/parsernotes.pdf}
}

@unpublished{MogensenHermes,
    title = {{Hermes : A Reversible Language for Writing Encryption Algorithms ( Work in Progress )}},
    author = {Mogensen, Torben Ægidius}
}

@article{Koomey2011ImplicationsElectrical,
    title = {{Implications of Historical Trends in the Electrical}},
    year = {2011},
    journal = {History},
    author = {Koomey, Jonathan and Berard, Stephen and Sanchez, Marla and Wong, Henry},
    number = {3},
    pages = {2--10},
    volume = {33}
}

@incollection{Standaert2010IntroductionAttacks,
    title = {{Introduction to Side-Channel Attacks}},
    year = {2010},
    booktitle = {Secure Integrated Circuits and Systems},
    author = {Standaert, François-Xavier},
    chapter = {2},
    pages = {27--42},
    isbn = {9780387718293}
}

@article{Halderman2008LestKeys.pdf,
    title = {{Lest We Remember Cold Boot Attacks on Encryption Keys.pdf}},
    year = {2008},
    author = {Halderman, J Alex and Schoen, Seth D and Heninger, Nadia and Clarkson, William and Paul, William and Calandrino, Joseph A and Feldman, Ariel J and Appelbaum, Jacob and Felten, Edward W}
}

@article{Bennett2003NotesDemon,
    title = {{Notes on Landauer's principle, reversible computation, and Maxwell's Demon}},
    year = {2003},
    journal = {Studies in History and Philosophy of Science Part B - Studies in History and Philosophy of Modern Physics},
    author = {Bennett, Charles H.},
    number = {3},
    pages = {501--510},
    volume = {34},
    issn = {13552198},
    keywords = {Landauer's principle, Maxwell's demon, Second law of thermodynamics, Thermodynamics of information processing}
}

@incollection{Mogensen2011PartialProcedures,
    title = {{Partial Evaluation of Janus Part 2: Assertions and Procedures}},
    year = {2011},
    booktitle = {Perspectives of System Information},
    author = {Mogensen, Torben Ægidius},
    pages = {289--301},
    url = {http://www.mendeley.com/research/lecture-notes-computer-science-2/},
    isbn = {9783540465591}
}

@article{Mogensen2011PartialJanus,
    title = {{Partial Evaluation of the Reversible Language Janus}},
    year = {2011},
    author = {Mogensen, Torben Ægidius},
    pages = {23},
    isbn = {9781450304856}
}

@article{Wheeler1995TEAEncryption,
    title = {{TEA, a tiny encryption algorithm BT - Fast Software Encryption}},
    year = {1995},
    journal = {Lecture Notes in Computer Science,},
    author = {Wheeler, David J and Needham, Roger M},
    pages = {363--366},
    isbn = {978-3-540-47809-6},
    keywords = {TEA, cryptographic algorithms}
}

@article{Weiser1991TheCentury,
    title = {{The Computer for the 21st Century}},
    year = {1991},
    journal = {SCIENTIFIC AMERICAN},
    author = {Weiser, Mark},
    number = {3},
    pages = {94--104},
    volume = {265}
}

@incollection{Rivest2012TheAlgorithm,
    title = {{The RC5 encryption algorithm}},
    year = {2012},
    author = {Rivest, Ronald Linn},
    month = {2},
    pages = {86--96},
    doi = {10.1007/3-540-60590-8{\_}7}
}

@inproceedings{Rivest1994TheAlgorithm,
    title = {{The RC5 encryption algorithm}},
    year = {1994},
    booktitle = {Proceedings of the Second International Workshop on Fast Software Encryption (FSE)},
    author = {Rivest, Ronald Linn},
    pages = {86--96}
}

@article{Rivest1997TheRevised,
    title = {{The RC5 encryption algorithm (Revised)}},
    year = {1997},
    author = {Rivest, Ronald Linn}
}

@inproceedings{Kocher1996TimingSystems,
    title = {{Timing Attacks on Implementations of Diffie-Hellman, RSA, DSS, and other Systems}},
    year = {1996},
    booktitle = {CRYPTO '96 Proceedings of the 16th Annual International Cryptology},
    author = {Kocher, Paul Carl},
    pages = {104--113},
    keywords = {cryptanalysis, di e-hellman, dss, rsa, timing attack}
}

@misc{Wikipedia.2019.,
    title = {{Wikipedia. Tiny Encryption Algorithm. Accessed June 2019.}},
    url = {https://en.wikipedia.org/wiki/Tiny_Encryption_Algorithm}
}
